<record><leader>00000cas a22000007a 4500</leader><controlfield tag="001">9416533</controlfield><controlfield tag="008">830415d18561857ohuwr ne      0    0eng d</controlfield><controlfield tag="009">3783</controlfield><datafield ind1=" " ind2=" " tag="010"><subfield code="a">sn 83035088 </subfield></datafield><datafield ind1=" " ind2=" " tag="040"><subfield code="a">NPY</subfield><subfield code="b">eng</subfield><subfield code="c">NPY</subfield><subfield code="d">NPX</subfield><subfield code="d">ONP</subfield><subfield code="d">MGN</subfield></datafield><datafield ind1="1" ind2=" " tag="029"><subfield code="a">AU@</subfield><subfield code="b">000025838427</subfield></datafield><datafield ind1=" " ind2=" " tag="042"><subfield code="a">msc</subfield></datafield><datafield ind1="0" ind2=" " tag="130"><subfield code="a">Reformer (Ravenna, Ohio : 1856)</subfield></datafield><datafield ind1="0" ind2="4" tag="245"><subfield code="a">The Reformer.</subfield></datafield><datafield ind1=" " ind2=" " tag="260"><subfield code="a">Ravenna, Ohio :</subfield><subfield code="b">A. Pryne &amp; W. Burr,</subfield><subfield code="c">1856-</subfield></datafield><datafield ind1=" " ind2=" " tag="300"><subfield code="a">v. ;</subfield><subfield code="c">62 cm.</subfield></datafield><datafield ind1=" " ind2=" " tag="310"><subfield code="a">Weekly</subfield></datafield><datafield ind1="0" ind2=" " tag="362"><subfield code="a">Vol. 2, no. 1 (Apr. 25, 1856)-</subfield></datafield><datafield ind1="1" ind2=" " tag="362"><subfield code="a">Ceased in 1857? Cf. Gutgesell, S.  Guide to Ohio newspapers, 1974.</subfield></datafield><datafield ind1=" " ind2=" " tag="500"><subfield code="a">Editors: A. Pryne, W. Burr, 1856; A. Pryne, J. Gregg, 1856-&lt;1857&gt;.</subfield></datafield><datafield ind1=" " ind2=" " tag="500"><subfield code="a">Anti-slavery.</subfield></datafield><datafield ind1="1" ind2=" " tag="700"><subfield code="a">Pryne, Abram.</subfield></datafield><datafield ind1="1" ind2=" " tag="700"><subfield code="a">Burr, Williard.</subfield></datafield><datafield ind1="1" ind2=" " tag="700"><subfield code="a">Gregg, James.</subfield></datafield><datafield ind1=" " ind2=" " tag="752"><subfield code="a">United States</subfield><subfield code="b">Ohio</subfield><subfield code="c">Portage</subfield><subfield code="d">Ravenna.</subfield></datafield><datafield ind1="0" ind2="0" tag="780"><subfield code="t">Reformer and independent press (Ravenna, Ohio : 1856)</subfield><subfield code="w">(DLC)sn 83035087</subfield></datafield></record>